<?xml version="1.0" encoding="UTF-8"?><collection xmlns="http://www.loc.gov/MARC21/slim"><record><leader>00528nam--2200181-i-4500</leader><controlfield tag="001">000005437</controlfield><controlfield tag="002">20161230</controlfield><controlfield tag="005">20161230201026</controlfield><controlfield tag="008">060222s1000------------r-----000-0-eng-d</controlfield><datafield ind1=" " ind2=" " tag="040"><subfield code="a">IFIN-HH</subfield></datafield><datafield ind1=" " ind2=" " tag="080"><subfield code="a">531.312</subfield></datafield><datafield ind1="1" ind2=" " tag="100"><subfield code="a">Birkhoff, George D</subfield></datafield><datafield ind1="1" ind2="0" tag="245"><subfield code="a">Dynamical systems</subfield><subfield code="c">George d. birkhoff</subfield></datafield><datafield ind1=" " ind2=" " tag="260"><subfield code="a">Providence</subfield><subfield code="b">American Mathematical Society</subfield><subfield code="c">1960</subfield></datafield><datafield ind1=" " ind2=" " tag="300"><subfield code="a">VIII + 295 P</subfield></datafield><datafield ind1=" " ind2=" " tag="490"><subfield code="a">American Mathematical Society. Colloquium Publications, Volume Ix</subfield></datafield><datafield ind1=" " ind2=" " tag="852"><subfield code="a">16071</subfield><subfield code="c">53.02</subfield></datafield><datafield ind1=" " ind2=" " tag="CAT"><subfield code="a">Sys</subfield><subfield code="c">20151019</subfield><subfield code="h">105938</subfield></datafield></record></collection>